@BOOK{Voroncov1,
    author = "Воронцов К. В.",
    title = "Аддитивная регуляризация тематических моделей коллекций текстовых документов",
    publisher = "Доклады РАН. 2014. — Т. 455., №3.",
    YEAR="2014",
    numpages = 268,
    language = "russian"
}